<record><leader>00000cas a2200000 a 4500</leader><controlfield tag="001">11085190</controlfield><controlfield tag="008">840824d18671877ksuwr ne      0    0eng d</controlfield><datafield ind1=" " ind2=" " tag="010"><subfield code="a">sn 84029524 </subfield></datafield><datafield ind1=" " ind2=" " tag="040"><subfield code="a">KSH</subfield><subfield code="b">eng</subfield><subfield code="c">KSH</subfield><subfield code="d">NPT</subfield><subfield code="d">NPU</subfield><subfield code="d">NPX</subfield><subfield code="d">NPT</subfield><subfield code="d">OCL</subfield><subfield code="d">OCLCQ</subfield></datafield><datafield ind1=" " ind2=" " tag="042"><subfield code="a">msc</subfield></datafield><datafield ind1="0" ind2="4" tag="245"><subfield code="a">The Wathena reporter.</subfield></datafield><datafield ind1=" " ind2=" " tag="260"><subfield code="a">Wathena, Kan. :</subfield><subfield code="b">Robert Tracy,</subfield><subfield code="c">1867-1877.</subfield></datafield><datafield ind1=" " ind2=" " tag="300"><subfield code="a">12 v. :</subfield><subfield code="b">ill. (chiefly advertisemts ;</subfield><subfield code="c">60-62 cm.</subfield></datafield><datafield ind1=" " ind2=" " tag="310"><subfield code="a">Weekly</subfield></datafield><datafield ind1="0" ind2=" " tag="362"><subfield code="a">Vol. 2, no. 53 (Apr. 18, 1867)-v. 13, no. 4 (Apr. 28, 1877).</subfield></datafield><datafield ind1=" " ind2=" " tag="500"><subfield code="a">Proprietor: W.T. Stewart, &lt;1876&gt;.</subfield></datafield><datafield ind1=" " ind2=" " tag="500"><subfield code="a">Editor: W.T. Stewart, &lt;1876&gt;.</subfield></datafield><datafield ind1=" " ind2=" " tag="752"><subfield code="a">United States</subfield><subfield code="b">Kansas</subfield><subfield code="c">Doniphan</subfield><subfield code="d">Wathena.</subfield></datafield><datafield ind1="0" ind2="0" tag="780"><subfield code="t">Troy reporter</subfield><subfield code="w">(DLC)sn 84029509</subfield></datafield><datafield ind1="0" ind2="0" tag="785"><subfield code="t">Troy bulletin</subfield><subfield code="w">(DLC)sn 84029482</subfield></datafield></record>